@inproceedings{Rondon:2008:LT:1375581.1375602,
    author = {Rondon, Patrick M. and Kawaguci, Ming and Jhala, Ranjit},
    title = {Liquid Types},
    booktitle = {Proceedings of the 29th ACM SIGPLAN Conference on Programming Language Design and Implementation},
    series = {PLDI '08},
    year = {2008},
    isbn = {978-1-59593-860-2},
    location = {Tucson, AZ, USA},
    pages = {159--169},
    numpages = {11},
    url = {http://doi.acm.org/10.1145/1375581.1375602},
    doi = {10.1145/1375581.1375602},
    acmid = {1375602},
    publisher = {ACM},
    address = {New York, NY, USA},
    keywords = {dependent types, hindley-milner, predicate abstraction, type inference},
}

@inproceedings{Findler:2002:CHF:581478.581484,
    author = {Findler, Robert Bruce and Felleisen, Matthias},
    title = {Contracts for Higher-order Functions},
    booktitle = {Proceedings of the Seventh ACM SIGPLAN International Conference on Functional Programming},
    series = {ICFP '02},
    year = {2002},
    isbn = {1-58113-487-8},
    location = {Pittsburgh, PA, USA},
    pages = {48--59},
    numpages = {12},
    url = {http://doi.acm.org/10.1145/581478.581484},
    doi = {10.1145/581478.581484},
    acmid = {581484},
    publisher = {ACM},
    address = {New York, NY, USA},
    keywords = {behavioral specifications, contracts, higher-order functions, predicate typing, solfware reliability},
}

@inproceedings{VanHorn:2010:AAM:1863543.1863553,
    author = {Van Horn, David and Might, Matthew},
    title = {Abstracting Abstract Machines},
    booktitle = {Proceedings of the 15th ACM SIGPLAN International Conference on Functional Programming},
    series = {ICFP '10},
    year = {2010},
    isbn = {978-1-60558-794-3},
    location = {Baltimore, Maryland, USA},
    pages = {51--62},
    numpages = {12},
    url = {http://doi.acm.org/10.1145/1863543.1863553},
    doi = {10.1145/1863543.1863553},
    acmid = {1863553},
    publisher = {ACM},
    address = {New York, NY, USA},
    keywords = {abstract interpretation, abstract machines},
}

@inbook{felleisen1986control,
    title={Control Operators, the SECD-machine, and the A-Calculus},
    author={Felleisen, Matthias},
    booktitle = {Formal Description of Programming Concepts - III},
    year = {1987},
}

@inproceedings{Flanagan:1993:ECC:155090.155113,
    author = {Flanagan, Cormac and Sabry, Amr and Duba, Bruce F. and Felleisen, Matthias},
    title = {The Essence of Compiling with Continuations},
    booktitle = {Proceedings of the ACM SIGPLAN 1993 Conference on Programming Language Design and Implementation},
    series = {PLDI '93},
    year = {1993},
    isbn = {0-89791-598-4},
    location = {Albuquerque, New Mexico, USA},
    pages = {237--247},
    numpages = {11},
    url = {http://doi.acm.org/10.1145/155090.155113},
    doi = {10.1145/155090.155113},
    acmid = {155113},
    publisher = {ACM},
    address = {New York, NY, USA},
}

@inproceedings{Tobin-Hochstadt:2012:HSE:2384616.2384655,
    author = {Tobin-Hochstadt, Sam and Van Horn, David},
    title = {Higher-order Symbolic Execution via Contracts},
    booktitle = {Proceedings of the ACM International Conference on Object Oriented Programming Systems Languages and Applications},
    series = {OOPSLA '12},
    year = {2012},
    isbn = {978-1-4503-1561-6},
    location = {Tucson, Arizona, USA},
    pages = {537--554},
    numpages = {18},
    url = {http://doi.acm.org/10.1145/2384616.2384655},
    doi = {10.1145/2384616.2384655},
    acmid = {2384655},
    publisher = {ACM},
    address = {New York, NY, USA},
    keywords = {higher-order contracts, reduction semantics, symbolic execution},
} 
